@BOOK {jacobriis1901,
	author = "Jacob Riis",
	title  = "The Making of an American, Bartleby",
	year   = "1901",
	volume = "XIII"
}

